12342 19488
5512 909 423 406 43

3366 1542 6488 374 ó esqueletos formados para facilitar la ano¬

3349 1916 6488 471 tación de los datos sobre el terreno y uni¬

3349 2354 5594 471 formar los trabajos de la Comisión.

1593 2841 8261 455 Núm. 73. Colección de tipos de calculo ó esqueletos

3366 3329 6488 471 más usados en el servicio de la Comisión

3366 3783 6471 471 Geográfico-Exploradora y cuya forma¬

3349 4271 6505 471 ción se debe al finado Director, Ingeniero

3366 4742 6488 487 Agustín Díaz. En este volumen se han co¬

3366 5229 6488 471 leccionado los esqueletos publicados has¬

3366 5700 6488 471 ta la fecha: el completo de la obra debería

3382 6301 6488 389 presentar una serie de trescientos tipos,

3366 6707 6488 471 poco más ó menos, sobre cuya importan¬

3382 7210 6472 390 cia se trata con algún detenimiento en el

3382 7649 3561 454 cuerpo de esta reseña.

1642 8087 8228 503 Núms. 74,75, 76, 77, 78,79,80 y 81. Estos volúmenes

3382 8672 6504 357 contienen manuscritos originales de cál¬

3398 9061 6504 455 culos geodésicos y astronómicos para la

3398 9532 6472 455 determinación de coordenadas geográfi¬

3414 10101 6472 373 cas, ejecutados sobre los esqueletos impre¬

3398 10572 6504 373 sos de la colección de tipos número 73; su

3398 10929 6504 471 examen hace resaltar la utilidad de di¬

3414 11384 6472 487 chos tipos. Para remitir á la Esposición,

3398 11871 6521 438 se ha elegido una serie de libros con la

3414 12326 6488 471 variedad de cálculos más completa el nú¬

3414 12813 6488 471 mero 74 contiene cálculos de observacio¬

3447 13300 6455 455 nes de tiempo hechas para la situación

3447 13852 6455 422 geográfica de varios lugares; el número 75,

3431 14307 6488 406 los correspondientes à la determinación

3431 14697 6471 471 de la marcha de los cronómetros usados;

3447 15265 6488 374 el número 76 muestra los cálculos para ob¬

3447 15720 6504 406 tener las latitudes de los puntos à que se

7480 16158 1674 325 Com. G-E.-4
