12338 19829
5722 1321 380 314 40

3539 1834 6467 413 completa semejanza que presentan uno y

3539 2263 6483 446 otro croquis se apreciaran las ventajas del

3539 2726 6500 479 uso de este papel, y por la sencillez de su

3539 3205 6500 463 rayado se comprenderá también el tiem¬

3555 3750 6500 447 po que se economiza en los levantamien¬

3555 4147 6484 496 tos, pudiéndose para las Cartas rápidas de

3555 4725 6500 380 reconocimiento emplear directamente los

3555 5122 6500 446 croquis de campo, sin la demora que siem¬

3605 5585 6103 528 pre requiere su construcción en limpio.

3688 6725 4465 479 LIBROS EMPASTADOS.

1802 7419 8270 463 Núm. 59. (Original) Coleccioón de los datos de campo

3572 7948 6516 380 ó itinerarios topográficos correspondientes á

3572 8311 6516 496 la hoja 19-II (V) de la Carta general de la

3588 8807 6484 496 República à la 100 000a formados según

3572 9286 6500 496 se dijo en la explicacion del cuadro nú¬

3572 9782 1521 446 mero 58.

1819 10211 8269 579 Núm. 60. (Original) Atlas de los itinerarios topográ¬

3555 10691 6533 561 ficos de la hoja citada en el número anterior,

3572 11170 6516 496 construídos al transportador y al compás

3588 11666 6517 479 con los datos que contiene la colección nú¬

3572 12128 6533 463 mero 59. La carátula de estos atlas presen¬

3588 12591 6517 463 ta un diagrama de todos los caminos le¬

3605 13054 6483 495 vantados para el detalle de la hoja respec¬

3588 13582 6500 413 tiva, una tabla que menciona el personal

3588 14012 6517 479 de ejecucion, y las explicaciones corres¬

3605 14491 6516 529 pondientes á la concentración de los da¬

3588 14970 5260 447 tos en el volumen, su enlace, etc.

1819 15417 8253 512 Nuúm. 61. Catálogo de nombres dobles, correspondien¬

3638 15879 6450 546 te á la hoja 19-I (M) del fraccionamiento
