12662 20037
6347 1669 401 301 42

4192 2053 6515 535 Atlas. Colección de doce hojas litografia¬

4159 2538 752 434 das.

2438 2988 8252 485 Núm. 64. Atlas-registro (original) de situación de pun¬

4176 3506 6514 451 tos cuyas coordenadas geográficas sirven

4192 3957 6465 534 de apoyo al detalle de las hojas á......

4192 4424 1721 468 1:100 000.

2455 4925 8252 468 Núm. 65. Atlas-registro (original) de vías recorridas

4209 5493 6481 384 en el levantamiento de itinerarios topográficos

4192 5844 6482 534 para el detalle de las citadas hojas á.......

4192 6328 1704 467 1:100 000.

2455 6812 8252 484 Núm. 66. Atlas-registro (original) de los levantamien¬

4192 7363 6515 418 tos de porciones aisladas, aceptadas para el

4209 7864 4443 384 detalle de las mismas hojas.

2455 8231 8219 551 Núm. 67. Atlas-registro (original) del adelanto progre¬

4176 8732 6514 468 sivo en el levantamiento y construcción

4192 9183 5446 484 de las repetidas hojas à 1:100 000.

2455 9684 8252 468 Núm. 68. Atlas-registro (original) de construcción de

4192 10135 6515 467 las hojas de la 1a Serie de publicaciones

4192 10602 6548 485 de la Carta General de la República en la

4209 11070 6498 518 escala de 1:100 000, dibujadas por el sis¬

4226 11671 2672 384 tema horizontal.

2455 12022 8269 501 Núm. 69. Allas-registro (original) de construcción de

4209 12589 6515 418 las mismas hojas á 1:250 000 (sistema ho¬

4226 13090 1520 384 rizontal.)

2438 13441 8269 501 (Núm. 70. Atlas-registro (original) de construcción de

4209 13925 6481 501 las mismas à 1.500 000 (sistema horizon¬

4242 14493 719 417 tal.)

2455 14894 8252 484 Núm.71. Atlas-registro (original) de construcción de

4192 15428 6515 434 las hojas á 1:500 000, configuradas por el

4209 15879 2639 451 sistema vertical.

2472 16346 8235 501 Núm. 72. Colección de tipos para carteras de campo,
