12125 19691
5865 1148 411 263 46

3713 1542 6522 476 de las poblaciones y Cartas de los Alrede-

3729 2051 6490 443 dores de aquellas á que se refieren, con¬

3713 2559 6522 411 tribuyen al mejor éxito en las operaciones

3696 3019 1594 410 militares.

1938 3413 8281 492 Núm. 89. Fracciones de la Carta general de la Repúbli¬

3696 3971 6506 393 ca en la escala de 1.100 000. Reducciones

3713 4364 6489 493 fotográficas à 1:250 000, colección de vein¬

1938 5300 8297 492 Núm. 90. Colección de catorce positivas sobre cristal, de

3729 4857 5570 475 te hojas distintas (diez colecciones).

3713 5792 6506 459 la carta topográfica de Alrededores de

3729 6268 6473 492 Puebla, reducida de la escala de 1.20 000

3696 6711 2678 492 á la de 1:50 000.

1938 7203 8281 476 Núm. 91. Plano de Alrededores de Xalapa, configura-

3713 7695 6489 460 do por el sistema vertical (en hachures).

3713 8155 6489 492 Reducción fotográfica á 1.50 000. (Vein¬

3713 8729 3253 394 ticuatro ejemplares).

1971 9139 8248 493 Núm. 92. Plano de Alrededores de Xalapa, configura¬

3729 9632 6490 476 do por el sistema horizontal (curvas de ni¬

3729 10075 6490 508 vel). Reducción fotográfica á 1:50,000 (do¬

3729 10600 2399 459 ce ejemplares).

4090 11092 6129 460 Las colecciones marcadas con los núme¬

3729 11552 6506 459 ros 89, 90, 91 y 92, se envían para que se

3729 12060 6523 476 pueda juzgar de los resultados consegui¬

3729 12520 6506 459 dos en nuestro pequeno taller de Foto¬

3729 12963 1101 525 grafía.

2908 13783 5175 410 Xalapa-Enríquez, Noviembre 25 de 1899.

6966 14571 2464 312 El Coronel Director,

6637 14850 2924 476 JULIO AlVARADo.
