12383 19514
5516 1105 358 326 37

3335 1626 6477 390 arreglado de manera que siempre corres¬

3352 2000 6443 553 ponda á la actualidad en la ultima época;

3352 2569 6476 374 la número 47, la construcción de las hojas

3368 2927 6444 569 para la Carta á 1: 100 000, especificando

3368 3479 6444 440 el personal que se ocupó en la combina¬

3368 3902 6476 488 ción de los datos y en los detalles del di¬

3368 4471 6460 456 bujo de las diversas partes, que correspon¬

3368 4862 3807 488 den á cada una de ellas.

1610 5317 8234 472 Núm. 48. Carta topográfica de los Alrededores de Xa¬

3368 5772 6460 505 lapa á 1.20 000 3a Serie-Letra Ax-Ori¬

3400 6277 6428 569 ginal dibujado por el sistema vertical d

3400 6846 4670 390 representacion (en hachures).

1610 7236 8218 472 Núm. 49. Original de la misma Carta de tos Alrede¬

3384 7708 6460 487 dores de Jalapa, dibujado por el sistema

3400 8195 4410 488 horizontal (curvas de nivel).

1643 8634 8201 521 Núm. 50. Carta original del Estado de San Luis Po¬

3400 9139 5744 487 tosí á 1:500 000-Relieve à la pluma.

1643 9626 8217 472 Núm. 51. Canevas de las operaciones topográficas prac¬

3400 10098 6477 472 ticadas para el levantamiento del plano del

3417 10553 6411 504 Ejido y Villa de Papantla.— Escala á.......

3417 11025 2912 488 1:5 000-Original.

1676 11480 8201 504 Núm. 52. Original det plano del Ejido y Villa de Pa¬

3417 12001 6460 553 pantla-Escala á 1:5 000-Este plano lo

3417 12570 6443 423 mismo que el canevas que á él se refiere,

3449 13074 6428 374 marcado con el número 51, forman parte

3433 13448 6427 455 del vasto é interesantísimo trabajo ejecu¬

3433 13887 6427 504 tado por disposicion del Gobierno del Es¬

3465 14472 6412 374 tado de Veracruz, para el deslinde, mensu¬

3449 14911 6444 407 ra y reparto individual de los terrenos de

3433 15302 6460 504 comunidades de indígenas, en el Cantón

3417 15757 4946 504 de Papantla del mismo Estado.
