12267 19436
5444 1052 405 357 39

3273 1554 6433 470 cunmeridianas de estrella. Presentado pa¬

3305 2024 6434 437 ra patentizar el empleo de los tipos im¬

3321 2494 6434 534 presos, que están coleccionados en el vo¬

3305 3077 6466 356 lúmen número 73: la impresión en negro

3321 3449 6450 454 representa la secuela del cálculo, que se

3338 3919 6449 470 distribuye litografiada, para llenarla en la

3338 4389 6368 486 aplicacion con lo que aparece en rojo, y

3354 4891 6417 453 naturalmente es manuscrito sobre los ori

3354 5328 6433 535 ginales. Para este cuadro se eligió un ca¬

3338 5895 6433 389 so en que varias cantidades resultan nulas

3370 6300 4926 454 en el empleo de los logaritmos.

1604 6786 8183 453 Núm. 57. Este número es una de las láminas del

3402 7239 6401 454 Reglamento de signos y caracteres usados

3386 7693 6450 551 por la Comisión Geográfico-Exploradora

3386 8179 6450 518 para el dibujo de sus Cartas, y es la que

3402 8649 6434 534 principalmente se refiere á las Cartas geo¬

3386 9183 2966 437 gráficas expuestas.

1620 9556 8216 583 Núm. 58. Papel para esquicios topográficos del Inge¬

3386 10041 6482 438 niero Agustín Díaz, Este cuadro presenta

3419 10527 6449 454 una comparación entre los resultados de

3419 11029 6449 438 un camino trazado á mano, apreciando á

3435 11515 6417 470 la simple vista las direcciones y distancias,

3419 11936 6449 551 y los resultados del mismo croquis cons¬

3419 12439 6449 453 truído al transportador y al compás con

3435 13022 6433 356 los mismos datos numéricos de campo.

3419 13443 6449 405 Estos datos están inscritos en lápiz sobre

3419 13880 6465 454 el borrador y se adquieren por el empleo

3435 14301 6449 518 del perambulador, brújula de mano, eclí¬

3435 14819 6466 486 metro de perpendículo y barómetro ane¬

3451 15305 6450 454 roide, sin que el operador tenga que des¬

3467 15759 6450 534 montar del caballo en que viaja. Por la
