12267 19436
5525 1068 422 243 148

3354 1473 6466 454 ciona las explicaciones necesarias para su

3402 1943 6418 454 manejo y para el uso de las Escalas geo-

3354 2380 6482 535 gráficas Universales ideadas por el mencio¬

3402 2883 2545 469 nado Ingeniero.

3240 4016 4959 454 COLECCIONES DIVERSAS.

1604 4664 8232 486 Núm. 84. Atlas topográfico de los Alrededores de Pue¬

3402 5150 6418 486 bla, en la escala de 1:20 000, dispuesto en

3370 5620 6466 486 forma de libro para biblioteca; dos colec¬

3386 6170 6450 389 ciones, cada una compuesta de catorce ho¬

3338 6575 696 486 jas.

1620 7045 8232 486 Núm. 85. Atlas de la Carta general del Estado de San

3402 7499 6450 502 Luis Potosí en la escala de 1:250 000, dis¬

3402 8082 6418 421 puesta en la misma forma que el anterior;

3402 8503 6466 453 ocho colecciones, cada una compuesta de

3419 8956 1847 470 doce hojas.

1604 9410 8248 502 Núm. 86. Atlas de la Carta general del Estado de San

3402 9896 6466 469 Luis Potost á 1:250 000, empastado à la

3402 10414 4327 437 holandesa (seis ejemplares).

1636 10867 8248 470 Núm. 87. Fracciones litografadas de la Carta general

3402 11321 6450 486 de la Repéblica Mexicana à 1.100 000, pre¬

3419 11823 6449 518 paradas en la forma de Carteras posta¬

3419 12293 6465 469 les; veinte colecciones, cada una de diez

3419 12795 1004 437 hojas.

1652 13232 8232 486 Núm. 88. Vistas panorámicas diversas, colección de

3402 13686 6450 486 diez y seis vistas. En determinados luga¬

3419 14220 6352 437 res se toman estas vistas por zonas de 45º

3419 14722 6384 421 de amplitud, partiendo del meridiano mag¬

3402 15143 6466 470 nético y sujetas todas á una sola escala:

3402 15613 6482 486 Estas vistas en combinación con los planos
