12121 19691
5978 1263 394 328 38

2053 1673 8261 476 Núm. 53. Hoja número VI de la Carta del Estado de

3908 2149 6389 476 Veracruz á 1:250 000 - Forma de Allas¬

3859 2658 6471 459 Esta fracción es la primera que se imprime

3859 3199 6471 394 del Atlas, habiéndose empleado el dibujo

3859 3593 6455 460 directo sobre lámina de zinc, en vez del

3859 4069 6455 492 procedimiento litográfico; esto nos permi¬

3843 4610 6487 378 tirá en lo sucesivo conservar las matrices

3859 5086 6422 394 de las diversas Cartas que publiquemos y

3843 5480 6504 443 hacer, con un costo insignificante, las co¬

3843 5940 6487 459 rrecciones exigidas por la adquisición de

3843 6498 6471 361 nuevos ó mejores datos, sin contar con

3843 6973 5880 361 otras ventajas de menor importancia.

2102 7351 8278 476 Núm. 54. Plano topografico de la ciudad de Xalapa á

3843 7827 6504 459 1:10 000 Litografía— Este plano de la

3826 8286 6521 476 capital del Estado de Veracruz, y que es¬

3843 8762 6487 476 tá destinado á llenar uno de los grandes

3859 9254 6488 460 vacíos que resultan en la Carta Mural de

3843 9697 6471 525 dicho Estado en la escala de 1:400 000,

3843 10255 6520 410 forma precisamente el ángulo Suroeste de

3843 10649 2529 460 la citada Carta.

2102 11125 8261 476 Núm. 55. Carta de los Alrededores de Puebla à la es¬

3859 11601 6504 476 cala de 1:50 000-Grabada en Paris-Con¬

3876 12192 6471 377 figurada por el sistema vertical de repre¬

3859 12585 6504 460 sentaciòn [en hachures]. El envío de este

3859 13028 6504 558 grabado, copia fiel del original dibujado

3859 13619 6504 378 en la Comision, tiene por objeto mostrar

3859 14046 6488 443 el conjunto de las fracciones que en la es¬

3876 14505 6471 460 cala, de 1.20 000 y en la forma de Atlas

3876 15080 6487 377 constituyen el numero 62 de este Catá¬

3876 15490 886 443 logo.

2102 15900 8245 525 Núm. 56. Cálculo de latitud por distancias zenitales cir¬
