12192 19734
5939 1315 379 378 36

3767 1776 6467 476 cana à I. 250 000, correspondiente à la 1a

3734 2236 4196 477 Serie; configarada à lápiz.

2007 2713 8243 460 Núms. 43, 44, 45, 46 y 47. Estos cuadros contienen

3751 3190 6483 477 originales de hojas aisladas de los Atlas-

3751 3782 6499 362 registros que se llevan en la Comisión y que

3751 4144 6499 477 constituyen la historia gráfica de la forma¬

3751 4604 6499 493 ción de las Cartas Generales de la Repúbli¬

3784 5114 6466 460 ca; los cuales explican á primera vista la

3767 5591 6483 460 naturaleza de los datos que entran en ca¬

3751 6035 6499 493 da hoja de fraccionamiento, la relativa

3784 6578 6466 476 precisión de éstos y detalle minucioso del

3784 7071 6450 427 personal que las construyó y dibujó, cuyo

3784 7482 6466 543 pormenor, unido al pliego de notas que

3751 7975 6499 461 se forma sobre la construcción de ellas, sir¬

3800 8551 6450 362 ve para investigar en todo tiempo el res¬

3784 8913 6450 542 ponsable de algún error ó falta cometidos.

3767 9390 6483 477 Así. la neúmero 43, indica las coordenadas

3734 9949 6516 427 geográficas en que se apoyaron los datos

3784 10343 6482 477 de detalle, con distinción especificada de

3767 10853 6467 444 la clase de observaciones astronómicas ó

3767 11281 6483 559 geodésicas de donde provienen; la número

3767 11807 6483 444 44, las vías recorridas por itinerarios topo¬

3784 12251 6466 526 gráficos, que dan la situación de todos los

3767 12794 6467 427 lugares habitados y contribuyen muy efi¬

3751 13205 6483 510 cazmente á la configuracion; la número 45,

3751 13748 6483 411 los levantamientos aislados, ó porciones cu¬

3751 14142 6499 543 ya topografía ha sido más minuciosa por

3751 14603 6499 526 provenir de datos especiales dignos de

3734 15080 6532 460 figurar en las hojas, la número 46, el ade¬

3751 15540 6499 477 lanto progresivo, ó estado de los trabajos

3702 16000 6548 494 relativos a cada fracción de las Cartas,
