12267 19436
5396 1101 389 308 41

3289 1506 6466 453 de la Carta general á la 100 000a siendo

3273 1959 6466 486 imposible hacer figurar en las Cartas re¬

3289 2542 6450 389 ducidas la diversidad de nombres con que

3289 3028 6466 373 se designan algunos lugares, se ha hecho

3273 3368 6449 519 indispensable la formacioón de estos catá¬

3289 3935 6466 405 logos, en los cuales aparecen todos esos

3305 4356 6450 503 nombres bajo la clasificacion de indígenas,

3289 4859 6466 453 legales, religiosos y vulgares. Esa diversidad

3289 5296 6450 470 de nombres aparece en las Cartas dibuja¬

3289 5798 6466 437 das á grande escala, pero en las de peque¬

3289 6235 6466 502 ña se ha dado preferencia á los indígenas,

3289 6721 6450 470 siempre que en su etimología no difieren

3289 7191 6482 453 notablemente de los vulgares, pudiéndose

3289 7661 6482 437 tomar del Catálogo relativo los otros nom¬

3289 8195 6466 405 bres que se necesiten para diversas aplica¬

3289 8616 6450 454 ciones de las cartas, tales como las histó¬

3305 9070 3970 486 ricas, las eclesiaticas, etc.

1555 9507 8216 486 Núm. 62. Atlas topográfico de los Alrededores de Pue¬

3305 10090 6466 389 bla. Colección de trece hojas litografiadas

3305 10463 6482 485 de este levantamiento, precedidas de una

3321 10948 6450 470 caratula. Estan construidas en la escala de

3321 11402 6450 502 1.20 000 y configuradas por el sistema ho¬

3305 11888 6466 470 rizontal: van numeradas del 1 al 9 para

3338 12374 6433 502 poderlas reunir en una sola hoja, confor¬

3321 12811 6450 502 me à la colocación indicada en la caraátu¬

3338 13346 6449 421 la. Las hojas números 1, 3, 7 y 9 están du¬

3354 13864 6433 421 plicadas, para formar á voluntad Cartas

3338 14334 6449 388 murales que contengan las tablas de datos

3305 14706 3646 518 y demás explicaciones.

1555 15160 8232 485 Núm. 63. Carta general del Estado de San Luris Po¬

3321 15662 6466 502 tosí. En la escala de 1:250 000, forma de
