4267 6034
1107 739 100 105 4

1766 714 795 115 EXPOSITION DU MEXIOUE.

1252 854 1032 101 71. — Montagnes de la Magdalena.

1252 930 589 95 72. — Chapultepec.

1252 995 800 106 73. — Rochers des Barros.

1247 1066 967 100 74. — Popocateptl vu de Atlisco.

1257 1141 982 106 75. — Guelatao. (État de Oaxaca.)

1247 1216 836 101 76. — Fleuve de San Angel.

1252 1287 997 100 77. — Temple de Saint Bernardo.

1247 1362 977 91 78. — Bains de Netzahualcoyotl.

1252 1433 715 100 79. — Fleuve Tacubaya.

1252 1508 816 96 80. — Étude d’après nature.

1257 1573 1475 111 81. — Entrée du ravin de l'Agua Santa. (Tlaxcala.)

1247 1659 1354 100 82. — La Roche enchantée. (État de Mexico.)

1247 1724 841 96 83. — Ruisseau de Tlaxcala.

1232 1800 815 95 84. — Rochers du Tepeyac.

1237 1875 1691 91 85. — Pyramides du Soleil et de la Lune. (Teotihuaneau).

1237 1940 1802 101 86. — Popocatepetl et Ixtacoihuatl, vue prise du lac de Chalco.

1247 2021 755 95 87. — Monts du Guerrier.

1242 2096 1228 91 88. — La Charbonnière. (État de Oaxaca.)

1227 2162 851 95 89. — Cathédrale de Oaxaca.

1247 2237 569 96 90. — Popocatepetl.

1232 2302 1696 101 91. — Vallée de Mexico (vue prise de la Villa Guadelupe).

1237 2388 1414 90 92. — Cour de l'ancien couvent de San Agustin.

1237 2463 534 81 93. — Citaltepec.

1237 2519 1017 100 94. — Ahuchete de la Noche triste.

1232 2594 1329 101 95. — Chaussée du Moulin du roi Tacubaya.

1237 2680 1218 80 96. — Rivière Olivar del Conde. (Étude.)

1237 2740 971 101 97. — Vallée de Mexico. (Etude.)

1247 2810 634 106 98. — Vase de jardin.

1232 2891 1042 95 99. — Les pleureurs de Tacubaya

1237 2956 750 106 100. — Vallée de Mexico.

1831 3082 624 116 ÉTAT DE JALISCO.

1086 3198 614 105 ÉTAT (Gouv. de l'.)

1222 3303 1344 101 101. — 17. Une Bacchante. (Ricardo Castro.)

1227 3379 1646 100 102. — 17a. Portrait d'un jeune homme. Pablo Valdez.)

1917 3655 437 101 CLASSE 2

1564 3751 1143 110 (Peintures diverses et Dessins.

1091 4052 403 111 ALAMILLA.

1801 3972 659 121 DISTRICT FÉDÉRAL.

1222 4143 1052 156 103. — 1. « Voilà, ». (Aquarelle.)
