4267 6034
1947 593 392 105 CATALOGUE.

3094 588 91 110 31

1096 698 977 111 MARIANO LEAL. (Guanajuato.)

1237 804 1943 106 586. — 139. Observations météorologiques faites à l’Observatoire

1625 890 609 95 de Leon, 25 feuillets.

1791 1020 689 111 ETAT DE GUERRERO.

1101 1126 1062 110 ETAT (Gouv de l’). (Chilpancingo.)

1227 1231 1948 106 587. — 140a. Mémoires du Gouvernement de l’État, années 1870-72-

1650 1312 709 85 79-80-83-86 et 88, 7 vol.

1222 1377 1158 96 588. — 140b. Collection de lois, 3 vol.

1237 1433 1636 120 589. — 140c. constitution de l'État, année 1880, 2 vol.

1821 1588 639 111 ETAT DE HIDALGO.

1086 1704 1963 111 ÉCOLE PRATIOUE DES MINES ET MÉTALLURGIE. (Pahuca.)

1222 1795 1937 105 589 bis. — 141. Deux plans des mines, Rosario, San-Pedro, San¬

1645 1875 1514 106 Pablo, San-Miguel, Santo-Tomás et la Luz, dessinés

1650 1956 709 105 par les élèves de l’École.

1816 2076 624 121 ETAT DE JALISCO.

1086 2197 1032 116 ÉTAT (Gouv. de l’). (Guadalajara.)

1212 2302 1721 106 590. — 142. Collection de 494 oiseaux, empaillés et montés.

1086 2413 1087 111 EDMUNDO CUEVAS. (Guadalajara.)

1212 2509 1334 105 591. — 143. Notices de voyages (manuscrits).

1081 2614 1198 111 ALBERTO SANTOSCOY. (Guadalajara.)

1202 2715 1942 105 592. — 144. Fêtes des jours fastes. Etude ethnologique historique.

1635 2795 342 101 1 brochure.

1746 2926 739 116 ETAT  DE MICHOACAN.

1081 3042 916 105 ETAT (Gouv. de l’). (Morelia.)

1197 3137 1947 111 593. — 145. Mémoires sur l’administration publique dans l’État.

1620 3218 463 100 de 1883 à 1887.

1076 3323 856 111 NICOLAS LEON. (Morelia.)

1202 3419 1656 105 594. — 146. Annales du musée de Michocan, 8 feuillets.

1786 3565 659 110 ETAT DE MORELOS.

1051 3680 1022 106 ÉTAT (Gouv. de l’). (Cuernavaca.)

1202 3776 1932 100 595. — 147. Mémoire sur l’administration publique de Morelos,

1620 3856 1514 101 présenté au Congrès par le gouverneur constitutionnel.

1630 3922 1419 105 général Jesus H. Préciado, le 12 avril 1887, 1 vol.

1202 3997 1530 106 595 bis. — 147a. Album litéraire de Morelos, 1 vol .
