4267 6034
1071 623 71 96 2

1695 623 810 91 EXPOSITION DU MEXIOUE.

1202 719 1932 120 13. — 2g. Ravin de Metlac. (Carlo Rivers, disciple de Vélasco et an¬

1585 804 1338 101 cien élève de l’École nationale des Beaux-Arts.)

1207 874 1540 111 14. — 2h. Porphyres des collines de Tepeyac. (Idem.)

1202 950 1223 105 15. — 2i. Cour de l’Hôpital royal. (Idem.)

1207 1025 1947 96 16. — 2j. La Collégiale de Guadalupe. (Tenorio Adolfo, disciple de

1595 1101 1524 90 Velasco et élève de l'École nationale des Beaux-Arts.)

1076 1191 961 126 GAMBOA ET GUZMAN JUAN.

1207 1312 790 95 17. — 3. Musique céleste.

1086 1412 690 111 DISTRICT (Gouv. du).

1202 1513 1233 101 18. — 4. Le Mendiant. (Atanasio Vargas).

1207 1583 1661 101 19. — 4a. Monument de Cuauhtemoc. (Herrera Alberto)

1086 1689 2094 106 YZAGUIRRE LÉANDRO, disciple de Pina et élève de l'École nationale

1147 1775 463 95 des Beaux-Arts.

1207 1865 634 96 20. — 5. L’Ivrogne.

1096 1961 997 115 HLJAR ET MILLAN ALFREDO.

1217 2051 1691 126 21. — 6. Portrait de Mme Hijar Millan (mère de l’artiste).

1096 2167 2058 125 JARA JOSÉ, disciple de Pina et élève de l’École nationale des Beaux-Arts.

1222 2277 1077 101 22. — 7. Funérailles d’un indigène.

1096 2353 2084 141 LUCIO EULALIE, disciple de Pina et élève de l’École nationale des

1167 2468 347 96 Beaux-Arts.

1227 2564 710 90 23. — 8 Nature morte.

1222 2634 836 96 24. — 8a.Objets de chasse.

1107 2735 2118 106 MARTINEZ ISIDRO, disciple de Pina et élève de l'École nationale des

1172 2820 357 101 Beaux-Arts.

1232 2906 946 105 25. — 9. Frère Pedro de Gante.

1101 3001 2104 126 ORTEGA JUAN, disciple de Pina et élève de l’École nationale des Beaux¬

1177 3107 161 91 Arts.

1247 3182 901 106 26. — 10. Hidalgo et Morelos.

1242 3258 1319 105 27. — 10a. Le Secret de la vieille de Cholula.

1127 3368 1997 101 PINA JOSÉ SALOMÉ, professeur à l'École nationale des Beaux-Arts

1247 3449 1017 101 28. — 11. Bouquetière vénitienne.

1127 3565 2108 100 RAMIREZ JOAQUIN, disciple de Pina et ancien élève de l'École na¬

1192 3635 664 101 tionale des Beaux-Arts.

1247 3725 951 101 29. — 12. Un Dépôt d’ordures.

1127 3826 2073 121 RIOS ANDRÉS, disciple de Pina et élève de l’Ecole nationale des Beaux-

1202 3927 156 100 Arts.

1257 4002 1123 111 30 — 13. La Promenade Santa Anita.
