12171 19721
6036 1117 427 345 44

3914 1692 6546 378 refiere; el número 77, el relativo á las lon¬

3914 2054 6513 559 gitudes; el número 78, corresponde á la de¬

3930 2563 6497 460 terminación de altitudes, por observacio¬

3914 3023 6530 477 nes hipsométricas; el número 79 se refiere

3914 3516 6530 461 á las triangulaciones practricadas en el

3963 3960 6497 510 Valle de Puebla. Como la discusión de los

3914 4437 6530 476 resultados para las tres coordenadas, lati¬

3914 4979 6546 394 tud, longitud y altitud geográficas, así como

3914 5373 6546 477 el relacionamiento de los lugares de ob¬

3914 5850 6546 477 servación á los puntos más estables de las

3930 6310 6546 543 poblaciones, ocuparían espacio muy redu

3947 6918 6529 362 cido para formar volúmenes particulares,¬

3914 7280 6562 476 se han reunido en uno solo, el marcado

3930 7756 6546 461 con el número 80. El número 81 correspon¬

3930 8217 6530 542 de á las observaciones meteorológicas prac¬

3947 8710 1266 476 ticadas.

2171 9203 8305 460 Núm. 82. Registro general de derroteros seguidos para

3947 9679 6513 477 la formación de itinerarios topográficos.

3947 10123 6529 493 Los derroteros ó distancias medidas en los

3963 10632 6513 461 caminos, se coleccionan anualmente á fin

3947 11109 6497 493 de formar con el tiempo tablas especiales,

3980 11602 4539 444 bajo la forma más adecuada.

2220 12029 8273 510 Núm. 83. Tabla de coordenadas, para el trazo de la

3930 12506 6563 542 proyección policónica, á las latitudes de la

3963 12982 6497 494 Repuública Mexicana, y para el de los már¬

3963 13492 6530 526 genes en las hojas de fraccionamiento de

3947 13936 6546 476 las Cartas Generales. Dispuesta por el In¬

3963 14412 6530 559 geniero Agustín Díaz y calculada é impre¬

3963 14872 6513 510 sa para el servicio de la Comisión Geográ¬

3963 15382 6530 476 fico-Exploradora. Las tablas van precedi¬

3963 15875 6530 444 das de una corta introducción que propor¬
