4267 6034
1323 1945 1278 101 41. — Cascade du Rincon Grande à Orizaba.

3144 648 101 91 3

1997 643 393 111 CATALOGUE.

1157 774 589 95 SILVA MARIANO.

1288 859 815 101 31. — 14. Panier de fruits.

1147 975 654 101 TENORIO ADOLFO.

1298 1086 1066 100 32. — 15. Pont du taureau Orizaba.

1288 1151 1197 106 33. — 15a. Source du San Pedro Jalapa.

1162 1267 2068 100 VELASCO JOSE MARIA, disciple de Landesio et professeur à l’Ecole

1237 1357 725 96 nationale des Beaux-Arts.

1293 1443 926 90 34. — 16. Le Ravin de Metlac.

1308 1513 649 101 35 — Vue de Oaxaca.

1308 1593 483 96 36. — Guelatao.

1308 1654 719 105 37. — Vallée de Mexico.

1308 1724 1021 106 38. — Chimalhistac San Sebastian.

1313 1800 850 105 39. — Promenade de Mexico.

1313 1875 1172 101 40. — Chute du Barrio Nuevo à Orizaba.

1313 2021 1072 95 42. — Cascade de Tuxpangi Orizaba.

1308 2086 750 101 43. — Collines de Jalapa.

1298 2172 1243 90 44. — Ajusco vu des collines du Tepeyac.

1313 2242 1429 91 45. — Chapultepec vu de la butte de la Reforma.

1313 2313 880 90 46. — Chaussée de la Piedad.

1308 2383 845 95 47. — Ruisseau de Tlaxcala.

1313 2453 835 101 48. — Étude d’après nature.

1323 2534 1318 100 49. — Rochers des montagnes de Atzacoalco.

1318 2594 1555 106 50. — Chardon des Terres chaudes. (État de Oaxaca.))

1323 2675 805 100 51. — Roche de Atzacoalco.

1328 2740 815 106 52. — Cordillère de Ajusco.

1323 2815 845 106 53. — Rivière de San Angel.

1328 2891 558 100 54. — Arbre Perú.

1323 2956 1414 106 55 — Pont rustique sur la rivière de San Angel.

1333 3037 1112 100 56. — Perues des collines du Tepeyac.

1328 3107 845 106 57. — Rochers de Atzacoalco.

1323 3172 1187 111 58. — Route de Agua Santa. (Tlaxcala.))

1323 3263 1253 90 59. — Pyramide du Soleil. (Teotihuacan.)

1328 3333 719 91 60. — Fleuve Tacubaya.

1328 3399 926 100 61. — Gorges de la Magdalena.

1333 3474 1011 96 62. — Popocatepetl et Ixtacuhuatl.

1333 3550 855 95 63. — Rochers de Atzacoalco.

1338 3615 951 100 64. — Ahuchete de Chapultepec.

1328 3695 513 96 65. — Tacubaya.

1338 3761 855 95 66. — Roches de Tepozotlan.

1338 3831 946 101 67. — Ahuchete de Chapultepec.

1343 3901 881 111 68. — Mitla. (État de Oaraca.)

1348 3977 720 100 69. — Gorges de Metlac.

1343 4047 1188 106 70. — Temascalcingo. (Etat de Mexico.).
