4267 6034
1338 613 1660 121 EXPOSITION UNIVERSELLE DE 1889

1142 884 2058 166 EXPOSITION DU MEXIQUE

1630 1206 1057 121 CATALOGUE

1398 1593 1525 116 BEAUX-ARTS — ARCHITECTURE – GRAVURE

1776 1443 895 140 GROUPE Ier

1705 1900 911 106 Tableaux et Aquarelles.

1972 1815 408 105 CLASSE 1

1137 2217 2088 106 ALMANZA CLÉOFAS, disciple de Vélasco, élève de l'école nationale des

1831 2101 669 121 DISTRICT FÉDÉRAL.

1187 2297 337 101 Beaux-Arts.

1252 2388 856 101 1. — 1. Vue de Chapultepec.

1252 2458 1148 101 2. — 1a. Ahuehuete de la Noche triste.

1247 2539 891 100 3. — 1b. Collines du Tepeyac.

1257 2614 1007 96 4. — 1c. Cour du Musée national.

1247 2680 836 95 5 — 1d. Fleuve de Orizaba.

1117 2780 1293 121 ÉCOLE NATIONALE DES BEAUX-ARTS.

1247 2871 1691 110 6. — 2. Source de San-Petro à Jalapa. (Almanza Cléofas.)

1242 2956 1988 101 7. — 2a. Le Samaritain. (Bribiesca Alberto, disciple de Pina et élève

1242 3102 670 101 8. — 2b. Job. (Idem.)

1605 3037 1041 95 de l’École nationale des Beaux-Arts.)

1242 3177 1968 111 9. — 2c. La Charité de saint Louis de Gonzagues. (Carrasco Gon¬

1247 3379 1933 120 10. — 2d. Le Sénat de Tlaxcala. (Gutierrez Rodrigo, disciple de

1605 3253 1615 100 zalo, disciple de Pina et élève de l'Ecole nationale des

1595 3328 407 96 Beaux-Arts.)

1247 3539 1923 106 11. — 2e. La Charité chrétienne aux premiers temps de l’Église.

1625 3464 1545 111 Pina et ancien élève de l’École nationale des Beaux-Arts.)

1625 3610 1560 115 (Harrarán José Maria, disciple de Pina et ancien élève

1237 3751 1943 105 12. — 2f. Xochitl présente au roi Tépancalzin le pulque qu’elle vient

1625 3680 1036 111 de l’École nationale des Beaux-Arts.)

1620 3831 1555 101 de découvrir. (Obrégon José, disciple de Clavé et pro¬

1625 3907 1238 110 fesseur de l’Ecole nationale des Beaux-Arts.)
