<?xml version="1.0" encoding="UTF-8"?>

<alto xmlns:xsi="http://www.w3.org/2001/XMLSchema-instance"
      xmlns="http://www.loc.gov/standards/alto/ns-v4#"
      xsi:schemaLocation="http://www.loc.gov/standards/alto/ns-v4# http://www.loc.gov/standards/alto/v4/alto-4-2.xsd">
  <Description>
    <MeasurementUnit>pixel</MeasurementUnit>
    <sourceImageInformation>
      <fileName>1889_-_Exposition_Universelle_Internationale_de_Paris_1889_catalogue_officiel_MQH0ZQN.pdf_page_12.png</fileName>
      
    </sourceImageInformation>
  </Description>
  
  <Tags>
    <OtherTag ID="BT3722" LABEL="CustomZone:class" DESCRIPTION="block type CustomZone:class"/><OtherTag ID="BT3720" LABEL="CustomZone:group" DESCRIPTION="block type CustomZone:group"/><OtherTag ID="BT3701" LABEL="RunningTitleZone" DESCRIPTION="block type RunningTitleZone"/><OtherTag ID="BT3700" LABEL="NumberingZone" DESCRIPTION="block type NumberingZone"/><OtherTag ID="BT3699" LABEL="GraphicZone:ornamentation" DESCRIPTION="block type GraphicZone:ornamentation"/><OtherTag ID="BT3698" LABEL="GraphicZone:illustration" DESCRIPTION="block type GraphicZone:illustration"/><OtherTag ID="BT3697" LABEL="CustomZone:entryEnd" DESCRIPTION="block type CustomZone:entryEnd"/><OtherTag ID="BT3696" LABEL="CustomZone:entry" DESCRIPTION="block type CustomZone:entry"/><OtherTag ID="BT3695" LABEL="MainZone" DESCRIPTION="block type MainZone"/>
    <OtherTag ID="LT1263" LABEL="HeadingLine" DESCRIPTION="line type HeadingLine"/><OtherTag ID="LT2" LABEL="Numbering" DESCRIPTION="line type Numbering"/><OtherTag ID="LT1264" LABEL="DefaultLine" DESCRIPTION="line type DefaultLine"/>
  </Tags>
  
  <Layout>
    <Page WIDTH="4267"
          HEIGHT="6034"
          PHYSICAL_IMG_NR="11"
          ID="eSc_dummypage_">
      <PrintSpace HPOS="0"
                  VPOS="0"
                  WIDTH="4267"
                  HEIGHT="6034">
        
        <TextBlock HPOS="1040"
                   VPOS="660"
                   WIDTH="2095"
                   HEIGHT="344"
                   ID="eSc_textblock_df201b77"
                   TAGREFS="BT3720">
          <Shape><Polygon POINTS="1040 660 1040 1004 3135 1004 3135 660"/></Shape>
          
        </TextBlock>
        
        <TextBlock HPOS="1179"
                   VPOS="1113"
                   WIDTH="1851"
                   HEIGHT="294"
                   ID="eSc_textblock_b80294d3"
                   TAGREFS="BT3722">
          <Shape><Polygon POINTS="1179 1113 1179 1407 3030 1407 3030 1113"/></Shape>
          
        </TextBlock>
        
        <TextBlock HPOS="1050"
                   VPOS="1621"
                   WIDTH="2070"
                   HEIGHT="249"
                   ID="eSc_textblock_6131a052"
                   TAGREFS="BT3696">
          <Shape><Polygon POINTS="1050 1621 1050 1870 3120 1870 3120 1621"/></Shape>
          
        </TextBlock>
        
        <TextBlock HPOS="1035"
                   VPOS="2014"
                   WIDTH="2090"
                   HEIGHT="537"
                   ID="eSc_textblock_0e034b90"
                   TAGREFS="BT3696">
          <Shape><Polygon POINTS="1035 2014 1035 2551 3125 2551 3125 2014"/></Shape>
          
        </TextBlock>
        
        <TextBlock HPOS="1045"
                   VPOS="2681"
                   WIDTH="2075"
                   HEIGHT="632"
                   ID="eSc_textblock_3ebd55fd"
                   TAGREFS="BT3696">
          <Shape><Polygon POINTS="1055 2681 1045 3313 3120 3313 3120 2686"/></Shape>
          
        </TextBlock>
        
        <TextBlock HPOS="1045"
                   VPOS="3417"
                   WIDTH="2095"
                   HEIGHT="249"
                   ID="eSc_textblock_7e7f2da9"
                   TAGREFS="BT3696">
          <Shape><Polygon POINTS="1045 3417 1045 3666 3140 3666 3140 3432"/></Shape>
          
        </TextBlock>
        
        <TextBlock HPOS="1020"
                   VPOS="626"
                   WIDTH="2160"
                   HEIGHT="3060"
                   ID="eSc_textblock_b89626ba"
                   TAGREFS="BT3695">
          <Shape><Polygon POINTS="1020 626 1020 3686 3180 3686 3180 626"/></Shape>
          
        </TextBlock>
        

        
        <TextBlock ID="eSc_dummyblock_">
          
          
          <TextLine ID="eSc_line_f14b9e2e"
                    TAGREFS="LT1263"
                    BASELINE="1061 884 3124 884" 
                    HPOS="1061"
                    VPOS="804"
                    WIDTH="2063"
                    HEIGHT="116">
            <Shape><Polygon POINTS="3024 819 2973 814 2923 814 2873 814 2822 809 2772 809 2722 804 2671 804 2621 804 1665 804 1615 804 1564 804 1514 809 1464 809 1413 809 1363 814 1313 814 1262 814 1212 819 1162 819 1112 819 1061 809 1061 884 1061 920 3124 920 3124 884 3109 849 3074 819"/></Shape>
	    <String CONTENT="ÉDUCATION ET ENSEIGNEMENT. — MATÉRIEL ET PROCEDÉS."
                    HPOS="1061"
                    VPOS="804"
                    WIDTH="2063"
                    HEIGHT="116"></String>
          </TextLine>

          
          
          <TextLine ID="eSc_line_ceb7aa80"
                    TAGREFS="LT1263"
                    BASELINE="1705 779 2470 769" 
                    HPOS="1705"
                    VPOS="663"
                    WIDTH="765"
                    HEIGHT="136">
            <Shape><Polygon POINTS="2304 663 2254 663 2203 663 2153 663 2103 663 2052 663 2002 663 1952 663 1902 663 1856 663 1741 668 1710 719 1705 779 1705 799 2465 794 2470 769 2460 668 2395 663 2354 663"/></Shape>
	    <String CONTENT="GROUPE II"
                    HPOS="1705"
                    VPOS="663"
                    WIDTH="765"
                    HEIGHT="136"></String>
          </TextLine>

          
          
          <TextLine ID="eSc_line_9cbd9f7d"
                    TAGREFS="LT1263"
                    BASELINE="1720 985 2460 985" 
                    HPOS="1720"
                    VPOS="900"
                    WIDTH="740"
                    HEIGHT="115">
            <Shape><Polygon POINTS="1720 1015 2460 1015 2460 985 2460 900 1720 900 1720 985"/></Shape>
	    <String CONTENT=" DES ARTS LIBERAUX"
                    HPOS="1720"
                    VPOS="900"
                    WIDTH="740"
                    HEIGHT="115"></String>
          </TextLine>

          
          
          <TextLine ID="eSc_line_58fc30ea"
                    TAGREFS="LT1263"
                    BASELINE="1184 1317 3025 1307" 
                    HPOS="1177"
                    VPOS="1221"
                    WIDTH="1847"
                    HEIGHT="106">
            <Shape><Polygon POINTS="1182 1327 3019 1317 3024 1302 3014 1231 1177 1221 1182 1312"/></Shape>
	    <String CONTENT="Éducation de l&#39;enfant. — Enseignement primaire."
                    HPOS="1177"
                    VPOS="1221"
                    WIDTH="1847"
                    HEIGHT="106"></String>
          </TextLine>

          
          
          <TextLine ID="eSc_line_d2682095"
                    TAGREFS="LT1263"
                    BASELINE="1891 1211 2299 1221" 
                    HPOS="1886"
                    VPOS="1126"
                    WIDTH="413"
                    HEIGHT="110">
            <Shape><Polygon POINTS="1891 1146 1891 1211 1886 1231 2289 1236 2299 1221 2299 1136 1942 1126 1942 1141"/></Shape>
	    <String CONTENT="CLASSE 6"
                    HPOS="1886"
                    VPOS="1126"
                    WIDTH="413"
                    HEIGHT="110"></String>
          </TextLine>

          
          
          <TextLine ID="eSc_line_527c565c"
                    TAGREFS="LT1263"
                    BASELINE="1607 1387 2588 1377" 
                    HPOS="1600"
                    VPOS="1307"
                    WIDTH="986"
                    HEIGHT="90">
            <Shape><Polygon POINTS="2505 1307 2455 1307 2405 1307 2354 1307 2304 1307 2254 1307 2203 1307 2153 1307 2103 1307 2052 1312 2002 1312 1952 1312 1902 1312 1851 1312 1801 1312 1751 1312 1700 1312 1650 1312 1600 1312 1605 1382 1605 1397 2586 1387 2586 1372 2576 1307 2556 1307"/></Shape>
	    <String CONTENT="Enseignement des adultes."
                    HPOS="1600"
                    VPOS="1307"
                    WIDTH="986"
                    HEIGHT="90"></String>
          </TextLine>

          
          
          <TextLine ID="eSc_line_e8fc74b1"
                    TAGREFS="LT1264"
                    BASELINE="1051 1679 2178 1694" 
                    HPOS="1041"
                    VPOS="1599"
                    WIDTH="1132"
                    HEIGHT="100">
            <Shape><Polygon POINTS="1041 1689 2163 1699 2173 1689 2173 1614 1046 1599 1046 1674"/></Shape>
	    <String CONTENT="ÉTAT (Gouv. de l’). (Aguascalientes.)"
                    HPOS="1041"
                    VPOS="1599"
                    WIDTH="1132"
                    HEIGHT="100"></String>
          </TextLine>

          
          
          <TextLine ID="eSc_line_798362f4"
                    TAGREFS="LT1263"
                    BASELINE="1655 1588 2541 1588" 
                    HPOS="1655"
                    VPOS="1503"
                    WIDTH="886"
                    HEIGHT="116">
            <Shape><Polygon POINTS="2490 1503 1730 1503 1705 1523 1670 1543 1655 1588 1655 1614 2536 1619 2541 1588 2536 1528 2510 1513"/></Shape>
	    <String CONTENT="ETAT DE AGUASCALIENTES."
                    HPOS="1655"
                    VPOS="1503"
                    WIDTH="886"
                    HEIGHT="116"></String>
          </TextLine>

          
          
          <TextLine ID="eSc_line_b38435e5"
                    TAGREFS="LT1264"
                    BASELINE="1189 1770 3105 1775" 
                    HPOS="1187"
                    VPOS="1684"
                    WIDTH="1917"
                    HEIGHT="106">
            <Shape><Polygon POINTS="1187 1790 3104 1785 3104 1769 3104 1694 1187 1684 1187 1769"/></Shape>
	    <String CONTENT="148. — 1a. Éléments de chronologie, par Carlos Maria Lopez (1883)."
                    HPOS="1187"
                    VPOS="1684"
                    WIDTH="1917"
                    HEIGHT="106"></String>
          </TextLine>

          
          
          <TextLine ID="eSc_line_913aaca1"
                    TAGREFS="LT1264"
                    BASELINE="1182 1835 2782 1845" 
                    HPOS="1172"
                    VPOS="1754"
                    WIDTH="1605"
                    HEIGHT="101">
            <Shape><Polygon POINTS="2687 1775 2636 1775 2586 1775 2536 1775 2485 1775 2435 1775 2385 1775 2334 1775 2284 1775 2234 1775 2183 1775 2133 1775 2083 1775 2032 1775 1982 1775 1932 1775 1881 1775 1831 1775 1781 1775 1730 1775 1680 1775 1630 1775 1579 1775 1529 1775 1479 1775 1429 1775 1378 1775 1328 1775 1278 1775 1227 1775 1212 1754 1177 1754 1177 1830 1172 1845 2767 1855 2777 1840 2772 1775 2737 1775"/></Shape>
	    <String CONTENT="149. — 1b. Traité d’arithmétique, par M. Marin. (Idem.)"
                    HPOS="1172"
                    VPOS="1754"
                    WIDTH="1605"
                    HEIGHT="101"></String>
          </TextLine>

          
          
          <TextLine ID="eSc_line_7a985789"
                    TAGREFS="LT1264"
                    BASELINE="1046 2076 2455 2076" 
                    HPOS="1046"
                    VPOS="1996"
                    WIDTH="1409"
                    HEIGHT="110">
            <Shape><Polygon POINTS="1056 2036 1046 2076 1046 2106 2455 2106 2455 2076 2455 1996 1147 1996 1096 2001"/></Shape>
	    <String CONTENT="TERRITOIRE (Préfecture politique du). (La Paz.)"
                    HPOS="1046"
                    VPOS="1996"
                    WIDTH="1409"
                    HEIGHT="110"></String>
          </TextLine>

          
          
          <TextLine ID="eSc_line_13e37f76"
                    TAGREFS="LT1263"
                    BASELINE="1454 1971 2717 1971" 
                    HPOS="1454"
                    VPOS="1890"
                    WIDTH="1263"
                    HEIGHT="111">
            <Shape><Polygon POINTS="1454 2001 2717 2001 2717 1971 2717 1890 1454 1890 1454 1971"/></Shape>
	    <String CONTENT="TERRITOIRE DE LA BAJA CALIFORNIA."
                    HPOS="1454"
                    VPOS="1890"
                    WIDTH="1263"
                    HEIGHT="111"></String>
          </TextLine>

          
          
          <TextLine ID="eSc_line_90810ea9"
                    TAGREFS="LT1264"
                    BASELINE="1172 2232 2873 2242" 
                    HPOS="1167"
                    VPOS="2157"
                    WIDTH="1706"
                    HEIGHT="105">
            <Shape><Polygon POINTS="1172 2232 1167 2252 2863 2262 2873 2242 2868 2167 1187 2157 1172 2197"/></Shape>
	    <String CONTENT="150-151. — 2ab. Ecole municipale de jeunes filles de la Paz."
                    HPOS="1167"
                    VPOS="2157"
                    WIDTH="1706"
                    HEIGHT="105"></String>
          </TextLine>

          
          
          <TextLine ID="eSc_line_ad0be625"
                    TAGREFS="LT1264"
                    BASELINE="1429 2157 2893 2147" 
                    HPOS="1424"
                    VPOS="2081"
                    WIDTH="1469"
                    HEIGHT="101">
            <Shape><Polygon POINTS="2329 2081 2279 2081 2229 2081 2178 2081 2128 2081 2078 2081 2027 2081 1977 2081 1927 2081 1876 2081 1826 2081 1776 2081 1725 2081 1675 2081 1625 2081 1574 2081 1524 2081 1474 2081 1424 2081 1429 2157 1429 2182 2888 2177 2893 2147 2883 2081 2430 2081 2380 2081"/></Shape>
	    <String CONTENT="Travaux scolaires exécutés dans les écoles suivantes :"
                    HPOS="1424"
                    VPOS="2081"
                    WIDTH="1469"
                    HEIGHT="101"></String>
          </TextLine>

          
          
          <TextLine ID="eSc_line_5169dd1b"
                    TAGREFS="LT1264"
                    BASELINE="1177 2313 2591 2313" 
                    HPOS="1177"
                    VPOS="2242"
                    WIDTH="1414"
                    HEIGHT="96">
            <Shape><Polygon POINTS="2536 2242 2485 2242 2435 2242 2385 2242 2334 2242 2284 2242 2234 2242 2183 2242 2133 2242 2083 2242 2032 2242 1222 2242 1177 2292 1177 2313 1177 2338 2591 2338 2591 2313 2591 2242 2586 2242"/></Shape>
	    <String CONTENT="152. — 2c. École nationale de garçons de Mulegé."
                    HPOS="1177"
                    VPOS="2242"
                    WIDTH="1414"
                    HEIGHT="96"></String>
          </TextLine>

          
          
          <TextLine ID="eSc_line_37ffb7ca"
                    TAGREFS="LT1264"
                    BASELINE="1177 2383 2676 2378" 
                    HPOS="1172"
                    VPOS="2313"
                    WIDTH="1504"
                    HEIGHT="100">
            <Shape><Polygon POINTS="2531 2318 2480 2318 2430 2318 2380 2318 2329 2318 2279 2318 2229 2318 2178 2318 2128 2318 2078 2318 2027 2318 1977 2318 1927 2318 1876 2318 1826 2318 1776 2318 1725 2318 1675 2318 1625 2318 1574 2318 1524 2318 1474 2318 1424 2318 1373 2318 1323 2318 1273 2318 1222 2318 1217 2313 1172 2313 1177 2383 1177 2408 2666 2413 2676 2378 2661 2313 2581 2313 2581 2318"/></Shape>
	    <String CONTENT="153. — 2d Ecole nationale de jeunes filles de Mulegé."
                    HPOS="1172"
                    VPOS="2313"
                    WIDTH="1504"
                    HEIGHT="100"></String>
          </TextLine>

          
          
          <TextLine ID="eSc_line_485f9345"
                    TAGREFS="LT1264"
                    BASELINE="1172 2458 3119 2458" 
                    HPOS="1172"
                    VPOS="2388"
                    WIDTH="1947"
                    HEIGHT="95">
            <Shape><Polygon POINTS="1172 2388 1172 2458 1172 2483 3119 2483 3119 2458 3114 2433 3094 2388"/></Shape>
	    <String CONTENT="154. — 2e. École de filles et de garçons de la Compagnie « del"
                    HPOS="1172"
                    VPOS="2388"
                    WIDTH="1947"
                    HEIGHT="95"></String>
          </TextLine>

          
          
          <TextLine ID="eSc_line_1b836f14"
                    TAGREFS="LT1264"
                    BASELINE="1585 2519 1846 2529" 
                    HPOS="1579"
                    VPOS="2463"
                    WIDTH="267"
                    HEIGHT="91">
            <Shape><Polygon POINTS="1786 2463 1735 2463 1685 2463 1635 2463 1585 2463 1585 2519 1579 2554 1841 2554 1846 2529 1841 2463 1836 2463"/></Shape>
	    <String CONTENT="Boleo »."
                    HPOS="1579"
                    VPOS="2463"
                    WIDTH="267"
                    HEIGHT="91"></String>
          </TextLine>

          
          
          <TextLine ID="eSc_line_8841fad4"
                    TAGREFS="LT1264"
                    BASELINE="1046 2750 2314 2740" 
                    HPOS="1041"
                    VPOS="2670"
                    WIDTH="1273"
                    HEIGHT="100">
            <Shape><Polygon POINTS="1142 2685 1091 2685 1041 2705 1046 2750 1046 2770 2309 2770 2314 2740 2299 2670 1202 2675 1192 2680"/></Shape>
	    <String CONTENT="ÉTAT (Gouv. de l’). (S. Cristobal las Casas.)"
                    HPOS="1041"
                    VPOS="2670"
                    WIDTH="1273"
                    HEIGHT="100"></String>
          </TextLine>

          
          
          <TextLine ID="eSc_line_52d702a7"
                    TAGREFS="LT1263"
                    BASELINE="1766 2654 2395 2654" 
                    HPOS="1766"
                    VPOS="2569"
                    WIDTH="629"
                    HEIGHT="116">
            <Shape><Polygon POINTS="1766 2685 2395 2685 2395 2654 2395 2569 1766 2569 1766 2654"/></Shape>
	    <String CONTENT=" ETAT DE CHIAPAS."
                    HPOS="1766"
                    VPOS="2569"
                    WIDTH="629"
                    HEIGHT="116"></String>
          </TextLine>

          
          
          <TextLine ID="eSc_line_68f5a4de"
                    TAGREFS="LT1264"
                    BASELINE="1172 2835 3114 2825" 
                    HPOS="1167"
                    VPOS="2755"
                    WIDTH="1947"
                    HEIGHT="101">
            <Shape><Polygon POINTS="3029 2765 2978 2765 2928 2760 2878 2760 2837 2755 1167 2760 1172 2835 1172 2856 3109 2851 3114 2825 3099 2770 3079 2770"/></Shape>
	    <String CONTENT="155. — 3a. Loi et règlement sur l’instruction primaire de l’État."
                    HPOS="1167"
                    VPOS="2755"
                    WIDTH="1947"
                    HEIGHT="101"></String>
          </TextLine>

          
          
          <TextLine ID="eSc_line_df565634"
                    TAGREFS="LT1264"
                    BASELINE="1172 3067 3034 3067" 
                    HPOS="1172"
                    VPOS="2996"
                    WIDTH="1862"
                    HEIGHT="101">
            <Shape><Polygon POINTS="1172 2996 1172 3067 1172 3097 3034 3097 3034 3067 3029 3057 3004 2996"/></Shape>
	    <String CONTENT="156-157. — 3be. École municipale n° 3 de San Cristobal las Casas."
                    HPOS="1172"
                    VPOS="2996"
                    WIDTH="1862"
                    HEIGHT="101"></String>
          </TextLine>

          
          
          <TextLine ID="eSc_line_2c44ded3"
                    TAGREFS="LT1264"
                    BASELINE="1429 2976 2938 2986" 
                    HPOS="1424"
                    VPOS="2901"
                    WIDTH="1514"
                    HEIGHT="105">
            <Shape><Polygon POINTS="1730 2911 1680 2911 1630 2911 1579 2906 1574 2901 1429 2901 1429 2976 1424 2996 2928 3006 2938 2986 2933 2911 1786 2901 1781 2911"/></Shape>
	    <String CONTENT="Travaux scolaires exécutés dans les écoles suivantes :"
                    HPOS="1424"
                    VPOS="2901"
                    WIDTH="1514"
                    HEIGHT="105"></String>
          </TextLine>

          
          
          <TextLine ID="eSc_line_bd0ddc1e"
                    TAGREFS="LT1264"
                    BASELINE="1585 2906 1791 2906" 
                    HPOS="1585"
                    VPOS="2835"
                    WIDTH="206"
                    HEIGHT="96">
            <Shape><Polygon POINTS="1735 2835 1685 2835 1635 2835 1585 2835 1585 2906 1585 2931 1791 2931 1791 2906 1791 2835 1786 2835"/></Shape>
	    <String CONTENT="(1882)."
                    HPOS="1585"
                    VPOS="2835"
                    WIDTH="206"
                    HEIGHT="96"></String>
          </TextLine>

          
          
          <TextLine ID="eSc_line_c58d431e"
                    TAGREFS="LT1264"
                    BASELINE="1177 3142 2561 3142" 
                    HPOS="1177"
                    VPOS="3072"
                    WIDTH="1384"
                    HEIGHT="95">
            <Shape><Polygon POINTS="2485 3072 2435 3072 2385 3072 2334 3072 2284 3072 2234 3072 2183 3072 2133 3072 2083 3072 2032 3072 1982 3072 1932 3072 1881 3072 1831 3072 1781 3072 1730 3072 1680 3072 1630 3072 1579 3072 1529 3072 1479 3072 1429 3072 1378 3072 1328 3072 1278 3072 1227 3072 1177 3072 1177 3142 1177 3167 2561 3167 2561 3142 2561 3072 2536 3072"/></Shape>
	    <String CONTENT="158. — 3d. École municipale de San Bartolomé."
                    HPOS="1177"
                    VPOS="3072"
                    WIDTH="1384"
                    HEIGHT="95"></String>
          </TextLine>

          
          
          <TextLine ID="eSc_line_57fb0030"
                    TAGREFS="LT1264"
                    BASELINE="1172 3213 2717 3213" 
                    HPOS="1172"
                    VPOS="3142"
                    WIDTH="1545"
                    HEIGHT="96">
            <Shape><Polygon POINTS="2480 3147 2430 3147 2380 3147 2329 3147 2279 3147 2229 3147 2178 3147 2128 3147 2078 3147 2027 3147 1977 3147 1927 3147 1876 3147 1826 3147 1776 3147 1725 3147 1675 3147 1625 3147 1574 3147 1524 3147 1474 3147 1424 3147 1373 3147 1323 3147 1273 3147 1222 3147 1217 3142 1172 3142 1172 3213 1172 3238 2717 3233 2717 3213 2717 3142 2531 3142 2531 3147"/></Shape>
	    <String CONTENT="159. — 3e. École « Providencia » de Tuxtla Gutierrez."
                    HPOS="1172"
                    VPOS="3142"
                    WIDTH="1545"
                    HEIGHT="96"></String>
          </TextLine>

          
          
          <TextLine ID="eSc_line_bfcc5c97"
                    TAGREFS="LT1264"
                    BASELINE="1172 3293 2490 3283" 
                    HPOS="1167"
                    VPOS="3218"
                    WIDTH="1323"
                    HEIGHT="95">
            <Shape><Polygon POINTS="2425 3218 2375 3218 2324 3218 2274 3218 2224 3218 2173 3218 2123 3218 2073 3218 2022 3218 1972 3218 1922 3218 1871 3218 1821 3218 1816 3218 1212 3218 1167 3263 1172 3293 1172 3313 2485 3303 2490 3283 2475 3218"/></Shape>
	    <String CONTENT="159 bis. — 3f. École municipale de Zapaluta."
                    HPOS="1167"
                    VPOS="3218"
                    WIDTH="1323"
                    HEIGHT="95"></String>
          </TextLine>

          
          
          <TextLine ID="eSc_line_5a57c3f1"
                    TAGREFS="LT1264"
                    BASELINE="1041 3474 1625 3464" 
                    HPOS="1036"
                    VPOS="3389"
                    WIDTH="589"
                    HEIGHT="105">
            <Shape><Polygon POINTS="1041 3494 1625 3489 1625 3464 1610 3389 1036 3389 1041 3474"/></Shape>
	    <String CONTENT="ETAT (Gouv, de l&#39;)."
                    HPOS="1036"
                    VPOS="3389"
                    WIDTH="589"
                    HEIGHT="105"></String>
          </TextLine>

          
          
          <TextLine ID="eSc_line_4b486eb0"
                    TAGREFS="LT1263"
                    BASELINE="1705 3414 2445 3404" 
                    HPOS="1700"
                    VPOS="3323"
                    WIDTH="745"
                    HEIGHT="116">
            <Shape><Polygon POINTS="1705 3439 2440 3429 2445 3404 2430 3323 1700 3328 1705 3414"/></Shape>
	    <String CONTENT="ETAT DE CHIHUAHUA"
                    HPOS="1700"
                    VPOS="3323"
                    WIDTH="745"
                    HEIGHT="116"></String>
          </TextLine>

          
          
          <TextLine ID="eSc_line_0e8bfe34"
                    TAGREFS="LT1264"
                    BASELINE="1167 3640 2842 3630" 
                    HPOS="1167"
                    VPOS="3560"
                    WIDTH="1675"
                    HEIGHT="100">
            <Shape><Polygon POINTS="2802 3560 1182 3565 1167 3640 1167 3660 2842 3660 2842 3630 2832 3595 2822 3575"/></Shape>
	    <String CONTENT="160. — 4a. École municipale « Hidalgo » de Ciudad Juarez."
                    HPOS="1167"
                    VPOS="3560"
                    WIDTH="1675"
                    HEIGHT="100"></String>
          </TextLine>

          
          
          <TextLine ID="eSc_line_035d57c8"
                    TAGREFS="LT1264"
                    BASELINE="1434 3544 2676 3555" 
                    HPOS="1429"
                    VPOS="3459"
                    WIDTH="1247"
                    HEIGHT="116">
            <Shape><Polygon POINTS="1585 3459 1585 3469 1534 3469 1484 3469 1434 3469 1434 3544 1429 3570 2666 3575 2676 3555 2671 3484 2661 3479"/></Shape>
	    <String CONTENT="Travaux exécutés dans les écoles suivantes :"
                    HPOS="1429"
                    VPOS="3459"
                    WIDTH="1247"
                    HEIGHT="116"></String>
          </TextLine>

          
        </TextBlock>
        
      </PrintSpace>
    </Page>
  </Layout>
</alto>
