4267 6034
1937 663 397 106 CATALOGUE.

3084 658 86 101 33

1101 779 1238 111 MIGUEL TRINIDAD PALMA (Puebla).

1242 879 1933 106 614 ter. — 154 ter. Constitution fédérale des États-Unis Mexicains,

1675 965 1510 95 traduite en langue Aztèque ou Mexicaine par l'expo-

1685 1040 418 91 sant. — 1 vol.

1107 1131 1026 116 MANLEL P. SALAZAR. (Puebla.)

1232 1241 654 96 615. — 155. Poésies.

1680 1387 916 111 ETAT DE SAN LUIS POTOSI.

1117 1508 1308 111 GREGORIO BARROETA. (San Luis Potosi.)

1237 1609 1943 100 616. — 156. Herbier de 365 plantes provenant des environs de San¬

1655 1684 1515 101 Luis Potosi, fait par quatre étudiants des cours

1650 1754 1530 96 de botanique de l’Institut scientifique de l’État dont

1650 1830 1525 100 l’exposant est professeur. Les classifications sont exclu-

1640 1910 619 91 sivement des élèves.

1826 2051 644 111 ETAT DE SINALOA.

1117 2162 910 115 ÉTAT (Gouv. de l’). (Culiacan.)

1242 2237 1948 131 617. — 157. Aérolithe del Palmar. Modèle en cire, dessin et des¬

1660 2343 262 95 cription.

1122 2438 1363 116 RAMON PONCE DE LEON FILS. (Culiacan.)

1247 2544 1243 100 618. — 158a. Flore de Culiacan, 1 tableau.

1242 2619 1309 106 619. — 158b. Collection d'insectes, 1 tableau.

1806 2765 694 111 ETAT DE VERACRUZ.

1122 2891 2078 105 COMMISSION GÉOGRAPHIQUE. — EXPLORATRICE DE LA RÉ¬

1192 2971 1052 106 PUBLIOUE MEXICAINE. (Xalapa.)

1242 3062 1953 105 620. — 159. Grande collection de travaux scientifiques, astronomi-

1665 3137 1525 96 ques, topographiques et d’histoire naturelle. (Cette

1665 3213 1525 95 collection obtint un grand diplôme d’honneur, la plus

1670 3283 1515 106 haute récompense accordée à l’exposition de la Nou¬

1670 3358 418 101 velle-Orléans.)

1132 3454 1363 116 RAFAEL DE ZAYAS ENRIQUEZ. (Veracruz.).

1252 3570 1153 100 621. — 160. Œuvres littéraires, 14 vol.

1826 3705 659 121 ETAT DE YUCATAN.

1117 3821 961 126 ÉTAT (Gouv. de l’). (Mérida.)

1247 3932 1621 105 622. — 161a. Mémoire sur le gouvernement de Yucatan.

1247 4007 1324 101 623. — 161b. Code civil de l’État de Yucatan.

1252 4072 1596 131 624. — 161e. Code de procédure criminelle de l’État.
